@Misc{CHINOSAUR:venue,
  author =       {@\_CHINOSAUR},
  key =          {_CHINOSAUR},
  howpublished = {Tweet},
  title =        {"VENUE IS TOO COLD" \#BINGO \#CHI2014},
  month =        {May},
  day =          1,
  year =         2014,
  note =         {Retrieved Febuary 2, 2015 from
                  \url{https://twitter.com/_CHINOSAUR/status/461864317415989248}},
  annote =       {Tweet}
}

@misc{supermetroid:snes,
	Address = {Kyoto, Japan},
	Author = {{Nintendo R\&D1} and {Intelligent Systems}},
	Day = {18},
	Howpublished = {Game [SNES]},
	Month = {April},
	Note = {Nintendo, Kyoto, Japan. Played August 2011.},
	Publisher = {Nintendo},
	Title = {\emph{Super Metroid}},
	Year = {1994}
}

@inproceedings{Klemmer:2002:WSC:503376.503378,
  author =       {Klemmer, Scott R. and Thomsen, Michael and
                  Phelps-Goodman, Ethan and Lee, Robert and Landay,
                  James A.},
  title =        {Where Do Web Sites Come from?: Capturing and
                  Interacting with Design History},
  booktitle =    {Proceedings of the SIGCHI Conference on Human
                  Factors in Computing Systems},
  series =       {CHI '02},
  year =         2002,
  isbn =         {1-58113-453-3},
  location =     {Minneapolis, Minnesota, USA},
  pages =        {1--8},
  url =          {http://doi.acm.org/10.1145/503376.503378},
  doi =          {10.1145/503376.503378},
  acmid =        503378,
  publisher =    {ACM},
  address =      {New York, NY, USA},
  keywords =     {CSCW, activity capture, design rationale, history
                  management, informal interfaces, sketching, tangible
                  UI, web design},
}

@inproceedings{Mather:2000:MUT,
  title =        {Making up titles for conference papers},
  author =       {Mather, B. D.},
  booktitle =    {Ext. Abstracts CHI 2000},
  year =         2000,
  publisher =    "ACM Press",
  pages =        "1-2",
}

@book{Schwartz:1995:GBF,
  title =        {Guidelines for Bias-Free Writing},
  author =       {Marilyn Schwartz},
  address =      {Bloomington, IN, USA},
  year =         1995,
  publisher =    {ERIC}
}

@inproceedings{Zellweger:2001:FAO:504216.504224,
  author =       {Zellweger, Polle T. and Bouvin, Niels Olof and
                  Jeh{\o}j, Henning and Mackinlay, Jock D.},
  title =        {Fluid annotations in an open world},
  booktitle =    {Proc. Hypertext 2001},
  year =         2001,
  pages =        {9--18},
  publisher =    {ACM Press},
}

@misc{acm_categories,
  key =          "ACM",
  author =       {ACM},
  title =        {How to Classify Works Using ACM's Computing
                  Classification System},
  year =         1998,
  note =         {\url{http://www.acm.org/class/how_to_use.html}},
}

@Misc{cavender:writing,
  author =       {Anna Cavender and Shari Trewin and Vicki Hanson},
  title =        {Accessible Writing Guide},
  year =         2014,
  day =          22,
  note =
                  {\url{http://www.sigaccess.org/welcome-to-sigaccess/resources/accessible-writing-guide/}},
  annote =       {URL}
}

@article{ethics,
  title =        {{Social Impacts of Computing: Codes of Professional
                  Ethics}},
  author =       {R. E. Anderson},
  doi =          "10.1177/089443939201000402",
  journal =      "Social Science Computer Review December",
  year =         1992,
  volume =       10,
  number =       4,
  pages =        "453-469"
}

@Misc{heilig:sensorama,
  author =       {Morton L. Heilig},
  title =        {Sensorama Simulator},
  howpublished = {U.S. Patent 3,050,870},
  month =        {August},
  day =          28,
  year =         1962,
  note =         {Filed Februrary 22, 1962.},
  annote =       {is this right?}
},

@article{kaye:puc,
  year =         2014,
  issn =         {1617-4909},
  journal =      {Personal and Ubiquitous Computing},
  volume =       18,
  number =       4,
  doi =          {10.1007/s00779-014-0773-4},
  title =        {Special issue on science fiction and ubiquitous
                  computing},
  url =          {http://dx.doi.org/10.1007/s00779-014-0773-4},
  publisher =    {Springer London},
  author =       {Kaye, Jofish and Dourish, Paul},
  pages =        {765-766},
  language =     {English}
}

@article{buchholz:stimme,
  year =         2012,
  title =        {Wie die Polizei Phantombilder erstellt},
  url =          {http://www.stimme.de/heilbronn/nachrichten/region/sonstige-Wie-die-Polizei-Phantombilder-erstellt;art16305,2541477},
  publisher =    {Stimme.de},
  author =       {Buchholz, Helmut}
 }

@article{brunelli1996,
  title={SpotIt! an interactive identikit system},
  author={Brunelli, Roberto and Mich, Ornella},
  journal={Graphical Models and Image Processing},
  volume={58},
  number={5},
  pages={399--404},
  year={1996},
  publisher={Elsevier}
}

@article{bobulski2012,
  title={Person identification system using an identikit picture of the suspect},
  author={Bobulski, Janusz and Kubanek, Mariusz},
  journal={Optica Applicata},
  volume={42},
  number={4},
  pages={865--873},
  year={2012}
}
 
@Misc{ironman:movie,
  author =       {Marvel Studios},
  title =        {Iron Man 2},
  howpublished = {cinematic movie},
  month =        {May},
  day =          6,
  year =         2010
}

@Misc{minorityreport:movie,
  author =       {Dream Works Pictures, 20th Century Fox},
  title =        {Minority Report},
  howpublished = {cinematic movie},
  month =        {October},
  day =          3,
  year =         2002
}

@PhdThesis{sutherland:sketchpad,
  author =       {Ivan E. Sutherland},
  title =        {Sketchpad, a Man-Machine Graphical Communication
                  System},
  school =       {Massachusetts Institute of Technology},
  year =         1963,
  address =      {Cambridge, MA},
}

@InBook{winner:politics,
  author =       {Langdon Winner},
  title =        {The Social Shaping of Technology},
  chapter =      {Do artifacts have politics?},
  publisher =    {Open University Press},
  year =         1999,
  address =      {UK},
  edition =      {2nd},
  pages =        {28--40},
}

@book{Dorau11,
  abstract = {Eine gelungene Interaktion zwischen Mensch und Technik ist das Ergebnis eines perfekt abgestimmten Wechselspiels von Gesten des Bedieners und Rückmeldungen des Systems -- dessen Mimik. Heute prägen die Multitouch-Interfaces der Smartphones oder Tablett-PCs und die gerätegestützte Eingabe à la Wii-Controller ganz entscheidend den Umgang mit technischen Systemen, auch in Consumer-fremden Bereichen wie der Industrie. Die systematische Gegenüberstellung unterschiedlichster Multitouch-Gesten und gerätegestützter Eingabemethoden untersucht deren Eignung für bestimmte Anwendungen und gibt dem Leser wertvolle Anregungen für eigene Projekte. Interaktionsdesigner und Applikationsentwickler finden in den vom Autor entwickelten Modellen und einem speziellen Notationssystem für Gesten praktische Arbeitshilfen für eine methodische Vorgehensweise, die eine fehlerfreie, sichere und emotional begeisternde Interaktion zum Ziel hat. Der Leser erfährt, wie Interaktion von den funktionalen Anforderungen her definiert und mit einem stimmigen Systemfeedback gekoppelt werden muss, um die Voraussetzungen für ein positives Nutzererlebnis zu schaffen.},
  added-at = {2015-08-26T14:36:02.000+0200},
  address = {Heidelberg},
  author = {Dorau, Rainer},
  biburl = {https://www.bibsonomy.org/bibtex/2e9c8aa652cd86afdc266a0f6d4732430/flint63},
  doi = {10.1007/978-3-642-03101-4},
  file = {SpringerLink:2011/Dorau11.pdf:PDF;Springer Produktseite:http\://www.springer.com/978-3-642-03100-7:URL;Amazon Search inside:http\://www.amazon.de/gp/reader/3642031005/:URL},
  groups = {public},
  interhash = {c0bda96e39f0ab0a3947b1244612d24e},
  intrahash = {e9c8aa652cd86afdc266a0f6d4732430},
  isbn = {978-3-642-03100-7},
  issn = {1439-3107},
  keywords = {v1500 springer book multimodal user interaction design zzz.mmi},
  publisher = {Springer Vieweg},
  series = {X.media.press},
  timestamp = {2016-05-17T21:05:36.000+0200},
  title = {Emotionales Interaktionsdesign},
  username = {flint63},
  year = 2011
}

@book{3dinteraction:book,
  Author = {Joao Rodrigues},
  Title = {Handbook of Research on Human-Computer Interfaces, Developments, and Applications (Advances in Human and Social Aspects of Technology)},
  Publisher = {IGI Global},
  Year = {2016},
  ISBN = {1522504354},
  URL = {http://www.igi-global.com/book/handbook-research-human-computer-interfaces/146921}
}

@book{vrs:book, 
  Author = {R. A. Earnshaw},
  Title = {Virtual Reality Systems},
  publisher = {Academic Press},
  year = {1993},
  month = {3},
  day = {31},
  ISBN = {9780122277481}
}

@article {eyecolor:article, 
  Author = {Peter Frost},
  Title = {European hair and eye color
A case of frequency-dependent sexual selection?},
  Journal = {Evolution and Human Behavior 27},
  Year = {2006},
  URL = {http://www.sciencedirect.com/science/article/pii/S1090513805000590}
}

@inproceedings{Wexelblat:1997:RCG:647590.728557,
 author = {Wexelblat, Alan},
 title = {Research Challenges in Gesture: Open Issues and Unsolved Problems},
 booktitle = {Proceedings of the International Gesture Workshop on Gesture and Sign Language in Human-Computer Interaction},
 year = {1998},
 isbn = {3-540-64424-5},
 pages = {1--11},
 numpages = {11},
 url = {http://dl.acm.org/citation.cfm?id=647590.728557},
 acmid = {728557},
 publisher = {Springer-Verlag},
 address = {London, UK, UK},
}

@book{oculus,
	title = {Oculus Rift},
	URL = {https://www.oculus.com/},
	urldate = {2017-01-15},
	year = {2013}
}

@book{vive,
	title = {HTC Vive},
	URL = {https://www.vive.com/de/},
	urldate = {2017-01-15},
	year = {2015}
}

@book{identikit,
	title = {Identi-Kit 7 - Advanced Facial Composite Software},
	URL = {http://identikit.net/},
	year = {2017}
}

@book{facette,
	URL = {http://www.facette.de/},
	title = {Facette - Face Design System},
	year = {1986}
}

@book{Quek:2002:MHD:568513.568514,
 author = {Quek, Francis and McNeill, David and Bryll, Robert and Duncan, Susan and Ma, Xin-Feng and Kirbas, Cemil and McCullough, Karl E. and Ansari, Rashid},
 title = {Multimodal Human Discourse: Gesture and Speech},
 journal = {ACM Trans. Comput.-Hum. Interact.},
 issue_date = {September 2002},
 volume = {9},
 number = {3},
 month = sep,
 year = {2002},
 issn = {1073-0516},
 pages = {171--193},
 numpages = {23},
 url = {http://doi.acm.org/10.1145/568513.568514},
 doi = {10.1145/568513.568514},
 acmid = {568514},
 publisher = {ACM},
 address = {New York, NY, USA},
 keywords = {Multimodal interaction, conversational interaction, discourse, gesture, gesture analysis, human interaction models, speech},
} 